@String(PAMI = {IEEE Trans. Pattern Anal. Mach. Intell.})
@String(IJCV = {Int. J. Comput. Vis.})
@String(CVPR= {IEEE Conf. Comput. Vis. Pattern Recog.})
@String(ICCV= {Int. Conf. Comput. Vis.})
@String(ECCV= {Eur. Conf. Comput. Vis.})
@String(NIPS= {Adv. Neural Inform. Process. Syst.})
@String(ICPR = {Int. Conf. Pattern Recog.})
@String(BMVC= {Brit. Mach. Vis. Conf.})
@String(TOG= {ACM Trans. Graph.})
@String(TIP  = {IEEE Trans. Image Process.})
@String(TVCG  = {IEEE Trans. Vis. Comput. Graph.})
@String(TMM  = {IEEE Trans. Multimedia})
@String(ACMMM= {ACM Int. Conf. Multimedia})
@String(ICME = {Int. Conf. Multimedia and Expo})
@String(ICASSP=	{ICASSP})
@String(ICIP = {IEEE Int. Conf. Image Process.})
@String(ACCV  = {ACCV})
@String(ICLR = {Int. Conf. Learn. Represent.})
@String(IJCAI = {IJCAI})
@String(PR   = {Pattern Recognition})
@String(AAAI = {AAAI})
@String(CVPRW= {IEEE Conf. Comput. Vis. Pattern Recog. Worksh.})
@String(CSVT = {IEEE Trans. Circuit Syst. Video Technol.})

@String(SPL	= {IEEE Sign. Process. Letters})
@String(VR   = {Vis. Res.})
@String(JOV	 = {J. Vis.})
@String(TVC  = {The Vis. Comput.})
@String(JCST  = {J. Comput. Sci. Tech.})
@String(CGF  = {Comput. Graph. Forum})
@String(CVM = {Computational Visual Media})


@String(PAMI  = {IEEE TPAMI})
@String(IJCV  = {IJCV})
@String(CVPR  = {CVPR})
@String(ICCV  = {ICCV})
@String(ECCV  = {ECCV})
@String(NIPS  = {NeurIPS})
@String(ICPR  = {ICPR})
@String(BMVC  =	{BMVC})
@String(TOG   = {ACM TOG})
@String(TIP   = {IEEE TIP})
@String(TVCG  = {IEEE TVCG})
@String(TCSVT = {IEEE TCSVT})
@String(TMM   =	{IEEE TMM})
@String(ACMMM = {ACM MM})
@String(ICME  =	{ICME})
@String(ICASSP=	{ICASSP})
@String(ICIP  = {ICIP})
@String(ACCV  = {ACCV})
@String(ICLR  = {ICLR})
@String(IJCAI = {IJCAI})
@String(PR = {PR})
@String(AAAI = {AAAI})
@String(CVPRW= {CVPRW})
@String(CSVT = {IEEE TCSVT})

@misc{huang2022language,
      title={Language Models as Zero-Shot Planners: Extracting Actionable Knowledge for Embodied Agents}, 
      author={Wenlong Huang and Pieter Abbeel and Deepak Pathak and Igor Mordatch},
      year={2022},
      eprint={2201.07207},
      archivePrefix={arXiv},
      primaryClass={cs.LG}
}

@misc{lu2023chameleon,
      title={Chameleon: Plug-and-Play Compositional Reasoning with Large Language Models}, 
      author={Pan Lu and Baolin Peng and Hao Cheng and Michel Galley and Kai-Wei Chang and Ying Nian Wu and Song-Chun Zhu and Jianfeng Gao},
      year={2023},
      eprint={2304.09842},
      archivePrefix={arXiv},
      primaryClass={cs.CL}
}

@misc{qin2023toolllm,
      title={ToolLLM: Facilitating Large Language Models to Master 16000+ Real-world APIs}, 
      author={Yujia Qin and Shihao Liang and Yining Ye and Kunlun Zhu and Lan Yan and Yaxi Lu and Yankai Lin and Xin Cong and Xiangru Tang and Bill Qian and Sihan Zhao and Lauren Hong and Runchu Tian and Ruobing Xie and Jie Zhou and Mark Gerstein and Dahai Li and Zhiyuan Liu and Maosong Sun},
      year={2023},
      eprint={2307.16789},
      archivePrefix={arXiv},
      primaryClass={cs.AI}
}

@misc{liu2022fewshot,
      title={Few-Shot Parameter-Efficient Fine-Tuning is Better and Cheaper than In-Context Learning}, 
      author={Haokun Liu and Derek Tam and Mohammed Muqeeth and Jay Mohta and Tenghao Huang and Mohit Bansal and Colin Raffel},
      year={2022},
      eprint={2205.05638},
      archivePrefix={arXiv},
      primaryClass={cs.LG}
}
@misc{sharma2022skill,
      title={Skill Induction and Planning with Latent Language}, 
      author={Pratyusha Sharma and Antonio Torralba and Jacob Andreas},
      year={2022},
      eprint={2110.01517},
      archivePrefix={arXiv},
      primaryClass={cs.LG}
}
@misc{yao2023react,
      title={ReAct: Synergizing Reasoning and Acting in Language Models}, 
      author={Shunyu Yao and Jeffrey Zhao and Dian Yu and Nan Du and Izhak Shafran and Karthik Narasimhan and Yuan Cao},
      year={2023},
      eprint={2210.03629},
      archivePrefix={arXiv},
      primaryClass={cs.CL}
}
@misc{gao2023pal,
      title={PAL: Program-aided Language Models}, 
      author={Luyu Gao and Aman Madaan and Shuyan Zhou and Uri Alon and Pengfei Liu and Yiming Yang and Jamie Callan and Graham Neubig},
      year={2023},
      eprint={2211.10435},
      archivePrefix={arXiv},
      primaryClass={cs.CL}
}
@misc{cai2023large,
      title={Large Language Models as Tool Makers}, 
      author={Tianle Cai and Xuezhi Wang and Tengyu Ma and Xinyun Chen and Denny Zhou},
      year={2023},
      eprint={2305.17126},
      archivePrefix={arXiv},
      primaryClass={cs.LG}
}
@misc{khot2023decomposed,
      title={Decomposed Prompting: A Modular Approach for Solving Complex Tasks}, 
      author={Tushar Khot and Harsh Trivedi and Matthew Finlayson and Yao Fu and Kyle Richardson and Peter Clark and Ashish Sabharwal},
      year={2023},
      eprint={2210.02406},
      archivePrefix={arXiv},
      primaryClass={cs.CL}
}
@misc{chen2023program,
      title={Program of Thoughts Prompting: Disentangling Computation from Reasoning for Numerical Reasoning Tasks}, 
      author={Wenhu Chen and Xueguang Ma and Xinyi Wang and William W. Cohen},
      year={2023},
      eprint={2211.12588},
      archivePrefix={arXiv},
      primaryClass={cs.CL}
}
@misc{paranjape2023art,
      title={ART: Automatic multi-step reasoning and tool-use for large language models}, 
      author={Bhargavi Paranjape and Scott Lundberg and Sameer Singh and Hannaneh Hajishirzi and Luke Zettlemoyer and Marco Tulio Ribeiro},
      year={2023},
      eprint={2303.09014},
      archivePrefix={arXiv},
      primaryClass={cs.CL}
}
@misc{imani2023mathprompter,
      title={MathPrompter: Mathematical Reasoning using Large Language Models}, 
      author={Shima Imani and Liang Du and Harsh Shrivastava},
      year={2023},
      eprint={2303.05398},
      archivePrefix={arXiv},
      primaryClass={cs.CL}
}
@misc{cobbe2021training,
      title={Training Verifiers to Solve Math Word Problems}, 
      author={Karl Cobbe and Vineet Kosaraju and Mohammad Bavarian and Mark Chen and Heewoo Jun and Lukasz Kaiser and Matthias Plappert and Jerry Tworek and Jacob Hilton and Reiichiro Nakano and Christopher Hesse and John Schulman},
      year={2021},
      eprint={2110.14168},
      archivePrefix={arXiv},
      primaryClass={cs.LG}
}
@misc{brown2020language,
      title={Language Models are Few-Shot Learners}, 
      author={Tom B. Brown and Benjamin Mann and Nick Ryder and Melanie Subbiah and Jared Kaplan and Prafulla Dhariwal and Arvind Neelakantan and Pranav Shyam and Girish Sastry and Amanda Askell and Sandhini Agarwal and Ariel Herbert-Voss and Gretchen Krueger and Tom Henighan and Rewon Child and Aditya Ramesh and Daniel M. Ziegler and Jeffrey Wu and Clemens Winter and Christopher Hesse and Mark Chen and Eric Sigler and Mateusz Litwin and Scott Gray and Benjamin Chess and Jack Clark and Christopher Berner and Sam McCandlish and Alec Radford and Ilya Sutskever and Dario Amodei},
      year={2020},
      eprint={2005.14165},
      archivePrefix={arXiv},
      primaryClass={cs.CL}
}

@misc{Mialon2023AugmentedLM,
  title={Augmented Language Models: a Survey},
  author={Gr{\'e}goire Mialon and Roberto Dess{\`i} and Maria Lomeli and Christoforos Nalmpantis and Ramakanth Pasunuru and Roberta Raileanu and Baptiste Rozi{\`e}re and Timo Schick and Jane Dwivedi-Yu and Asli Celikyilmaz and Edouard Grave and Yann LeCun and Thomas Scialom},
  journal={ArXiv},
  year={2023},
  volume={abs/2302.07842},
  url={https://api.semanticscholar.org/CorpusID:256868474}
}

@misc{li2023apibank,
      title={API-Bank: A Comprehensive Benchmark for Tool-Augmented LLMs}, 
      author={Minghao Li and Yingxiu Zhao and Bowen Yu and Feifan Song and Hangyu Li and Haiyang Yu and Zhoujun Li and Fei Huang and Yongbin Li},
      year={2023},
      eprint={2304.08244},
      archivePrefix={arXiv},
      primaryClass={cs.CL}
}
@misc{patil2023gorilla,
      title={Gorilla: Large Language Model Connected with Massive APIs}, 
      author={Shishir G. Patil and Tianjun Zhang and Xin Wang and Joseph E. Gonzalez},
      year={2023},
      eprint={2305.15334},
      archivePrefix={arXiv},
      primaryClass={cs.CL}
}

@misc{langchainIntroduction,
	author = {},
	title = {{I}ntroduction | ��️�� {L}angchain --- python.langchain.com},
	howpublished = {\url{https://python.langchain.com/docs/get_started/introduction}},
	year = {},
	note = {[Accessed 25-11-2023]},
}
@misc{press2023measuring,
      title={Measuring and Narrowing the Compositionality Gap in Language Models}, 
      author={Ofir Press and Muru Zhang and Sewon Min and Ludwig Schmidt and Noah A. Smith and Mike Lewis},
      year={2023},
      eprint={2210.03350},
      archivePrefix={arXiv},
      primaryClass={cs.CL}
}

@misc{shen2023hugginggpt,
      title={HuggingGPT: Solving AI Tasks with ChatGPT and its Friends in Hugging Face}, 
      author={Yongliang Shen and Kaitao Song and Xu Tan and Dongsheng Li and Weiming Lu and Yueting Zhuang},
      year={2023},
      eprint={2303.17580},
      archivePrefix={arXiv},
      primaryClass={cs.CL}
}

@misc{zhou2023leasttomost,
      title={Least-to-Most Prompting Enables Complex Reasoning in Large Language Models}, 
      author={Denny Zhou and Nathanael Schärli and Le Hou and Jason Wei and Nathan Scales and Xuezhi Wang and Dale Schuurmans and Claire Cui and Olivier Bousquet and Quoc Le and Ed Chi},
      year={2023},
      eprint={2205.10625},
      archivePrefix={arXiv},
      primaryClass={cs.AI}
}

@misc{dua2022successive,
      title={Successive Prompting for Decomposing Complex Questions}, 
      author={Dheeru Dua and Shivanshu Gupta and Sameer Singh and Matt Gardner},
      year={2022},
      eprint={2212.04092},
      archivePrefix={arXiv},
      primaryClass={cs.CL}
}
@misc{wolfson2020break,
      title={Break It Down: A Question Understanding Benchmark}, 
      author={Tomer Wolfson and Mor Geva and Ankit Gupta and Matt Gardner and Yoav Goldberg and Daniel Deutch and Jonathan Berant},
      year={2020},
      eprint={2001.11770},
      archivePrefix={arXiv},
      primaryClass={cs.CL}
}

@misc{khot2021text,
      title={Text Modular Networks: Learning to Decompose Tasks in the Language of Existing Models}, 
      author={Tushar Khot and Daniel Khashabi and Kyle Richardson and Peter Clark and Ashish Sabharwal},
      year={2021},
      eprint={2009.00751},
      archivePrefix={arXiv},
      primaryClass={cs.CL}
}

@misc{liang2023taskmatrixai,
      title={TaskMatrix.AI: Completing Tasks by Connecting Foundation Models with Millions of APIs}, 
      author={Yaobo Liang and Chenfei Wu and Ting Song and Wenshan Wu and Yan Xia and Yu Liu and Yang Ou and Shuai Lu and Lei Ji and Shaoguang Mao and Yun Wang and Linjun Shou and Ming Gong and Nan Duan},
      year={2023},
      eprint={2303.16434},
      archivePrefix={arXiv},
      primaryClass={cs.AI}
}

@misc{tang2023toolalpaca,
      title={ToolAlpaca: Generalized Tool Learning for Language Models with 3000 Simulated Cases}, 
      author={Qiaoyu Tang and Ziliang Deng and Hongyu Lin and Xianpei Han and Qiao Liang and Boxi Cao and Le Sun},
      year={2023},
      eprint={2306.05301},
      archivePrefix={arXiv},
      primaryClass={cs.CL}
}

@misc{wikipediaOkapiBM25,
	author = {},
	title = {{O}kapi {B}{M}25 - {W}ikipedia --- en.wikipedia.org},
	howpublished = {\url{https://en.wikipedia.org/wiki/Okapi_BM25}},
	year = {},
	note = {[Accessed 25-11-2023]},
}

@misc{touvron2023llama,
      title={LLaMA: Open and Efficient Foundation Language Models}, 
      author={Hugo Touvron and Thibaut Lavril and Gautier Izacard and Xavier Martinet and Marie-Anne Lachaux and Timothée Lacroix and Baptiste Rozière and Naman Goyal and Eric Hambro and Faisal Azhar and Aurelien Rodriguez and Armand Joulin and Edouard Grave and Guillaume Lample},
      year={2023},
      eprint={2302.13971},
      archivePrefix={arXiv},
      primaryClass={cs.CL}
}

@misc{openai2023gpt4,
      title={GPT-4 Technical Report}, 
      author={OpenAI},
      year={2023},
      eprint={2303.08774},
      archivePrefix={arXiv},
      primaryClass={cs.CL}
}
@misc{bonifacio2022inpars,
      title={InPars: Data Augmentation for Information Retrieval using Large Language Models}, 
      author={Luiz Bonifacio and Hugo Abonizio and Marzieh Fadaee and Rodrigo Nogueira},
      year={2022},
      eprint={2202.05144},
      archivePrefix={arXiv},
      primaryClass={cs.CL}
}
@article{Li_2022,
   title={Data augmentation approaches in natural language processing: A survey},
   volume={3},
   ISSN={2666-6510},
   url={http://dx.doi.org/10.1016/j.aiopen.2022.03.001},
   DOI={10.1016/j.aiopen.2022.03.001},
   journal={AI Open},
   publisher={Elsevier BV},
   author={Li, Bohan and Hou, Yutai and Che, Wanxiang},
   year={2022},
   pages={71–90} }

@misc{ibmWhatRetrievalaugmented,
	author = {},
	title = {{W}hat is retrieval-augmented generation? | {I}{B}{M} {R}esearch {B}log --- research.ibm.com},
	howpublished = {\url{https://research.ibm.com/blog/retrieval-augmented-generation-RAG}},
	year = {},
	note = {[Accessed 25-11-2023]},
}